<?xml version="1.0" encoding="UTF-8"?><collection xmlns="http://www.loc.gov/MARC21/slim"><record><leader>00571nam--2200181-i-4500</leader><controlfield tag="001">000044256</controlfield><controlfield tag="002">20161230</controlfield><controlfield tag="005">20161230201044</controlfield><controlfield tag="008">060222s1000------------r-----000-0-fre-d</controlfield><datafield ind1=" " ind2=" " tag="040"><subfield code="a">IFIN-HH</subfield></datafield><datafield ind1=" " ind2=" " tag="041"><subfield code="a">fre</subfield></datafield><datafield ind1=" " ind2=" " tag="080"><subfield code="a">537.311.3(043)</subfield></datafield><datafield ind1="1" ind2=" " tag="100"><subfield code="a">Theoleyre, Serge</subfield></datafield><datafield ind1="1" ind2="0" tag="245"><subfield code="a">Etude de la conduction electrique dans un liquide fortment polaire et de gramde resistivite, le carbonate de propylene</subfield><subfield code="b">These</subfield><subfield code="c">Serge theoleyre</subfield></datafield><datafield ind1=" " ind2=" " tag="260"><subfield code="a">Grenoble</subfield><subfield code="b">Institute National Polytechnique</subfield><subfield code="c">1983</subfield></datafield><datafield ind1=" " ind2=" " tag="300"><subfield code="a">116P</subfield></datafield><datafield ind1=" " ind2=" " tag="852"><subfield code="a">73747</subfield><subfield code="c">537:538</subfield></datafield><datafield ind1=" " ind2=" " tag="CAT"><subfield code="a">Sys</subfield><subfield code="c">20110628</subfield><subfield code="h">085303</subfield></datafield></record></collection>